@article{Vdc,
   author="Karen Simonyan and Andrew Zisserman.", 
   title="Very Deep Convolutional Networks for Large-Scale Image Recognition",
   year={2014},
}

@article{Vdcf,
   author="LeCun Y. and Boser B. and Denker J. S. and Henderson D. and Howard R. E. and Hubbard W. and Jackel L. D.", 
   title="Backpropagation applied to handwritten zip code recognition.",
   year={1989},
}

@article{Vdcfg,
   author="A. Krizhevsky and I. Sutskever and G. E. Hinton.", 
   title="Imagenet classification with deep convolutional neural networks.",
   year={2012},
}

@article{Vdasdc,
   author="K. He and X. Zhang and S. Ren and J. Sun.", 
   title="Deep residual learning for image recognition.",
   year={2016},
}

@book{Python1,
  title={Python深度学习},
  author={弗朗索瓦•肖莱},
  year={2018},
  publisher={人民邮电出版社}
}

@book{Python2,
  title={Deep Learning with Python},
  author={François Chollet},
  year={2017},
  publisher={Manning Publications}
}

@book{机器学习,
  title={机器学习},
  author={周志华},
  year={2016},
  publisher={清华大学出版社}
}

@book{DeepLearning,
  title={Deep Learning},
  author={Ian Goodfellow and Yoshua Bengio and Aaron Courville},
  year={2016},
  publisher={The MIT Press}
}



@misc{A1,
   howpublished = {\url{https://zhuanlan.zhihu.com/p/41423739}},
    title={一文读懂VGG网络 - 知乎},
    author={Amusi},
    year={2018},
}

@misc{A2,
   howpublished = {\url{https://blog.csdn.net/techfield/article/details/19933589}},
    title={CNN全连接层},
    year={2018},
}

@misc{A3,
   howpublished = {\url{https://blog.csdn.net/kun1280437633/article/details/80817129}},
    title={CNN卷积神经网络原理讲解和图片识别应用},
    year={2018},
}