
@article{artic,
   author="et al., Silver D. Huang A. Maddison C.", 
   title="Mastering the game of Go with deep neural networks and tree search",
   journal={Nature},
   volume={529},
   pages={484--489},
   year={2016},
   publisher={Emerald Publishing Limited}
}

@misc{GT,
   author = {GoogleTrend},
   title = {机器学习 - 探索 - Google 趋势},
   howpublished = {\url{https://trends.google.com/trends/explore?date=all&q=%2Fm%2F01hyh_}}
}

@book{机器学习,
  title={机器学习},
  author={周志华},
  year={2016},
  publisher={清华大学出版社}
}

@book{DeepLearning,
  title={Deep Learning},
  author={Ian Goodfellow and Yoshua Bengio and Aaron Courville},
  year={2016},
  publisher={The MIT Press}
}