@article{王坤峰生成式对抗网络,
  title={生成式对抗网络GAN的研究进展与展望%Generative Adversarial Networks: The State of the Art and Beyond},
  author={王坤峰 and 苟超 and 段艳杰 and 林懿伦 and 郑心湖 and 王飞跃},
  journal={自动化学报},
  volume={043},
  number={3},
  pages={321-332},
 keywords={生成式对抗网络;生成式模型;零和博弈;对抗学习;平行智能;ACP方法},
 abstract={生成式对抗网络GAN(Generative adversarial networks)目前已经成为人工智能学界一个热门的研究方向.GAN的基本思想源自博弈论的二人零和博弈,由一个生成器和一个判别器构成,通过对抗学习的方式来训练.目的是估测数据样本的潜在分布并生成新的数据样本.在图像和视觉计算,语音和语言处理,信息安全,棋类比赛等领域,GAN正在被广泛研究,具有巨大的应用前景.本文概括了GAN的研究进展,并进行展望.在总结了GAN的背景,理论与实现模型,应用领域,优缺点及发展趋势之后,本文还讨论了GAN与平行智能的关系,认为GAN可以深化平行系统的虚实互动,交互一体的理念,特别是计算实验的思想,为ACP(Artificial societies,computational experiments,and parallel execution)理论提供了十分具体和丰富的算法支持.},
}

@article{林懿伦人工智能研究的新前线,
  title={人工智能研究的新前线:生成式对抗网络%The New Frontier of AI Research: Generative Adversarial Networks},
  author={林懿伦 and 戴星原 and 李力 and 王晓 and 王飞跃},
  journal={自动化学报},
  volume={044},
  number={5},
  pages={775-792},
 keywords={深度学习;生成式对抗网络;生成模型;对抗学习;平行学习},
 abstract={生成式对抗网络(Generative adversarial networks,GAN)是当前人工智能学界最为重要的研究热点之一.其突出的生成能力不仅可用于生成各类图像和自然语言数据,还启发和推动了各类半监督学习和无监督学习任务的发展.本文概括了GAN的基本思想,并对近年来相关的理论与应用研究进行了梳理,总结了GAN常见的网络结构与训练方法,博弈形式,集成方法,并对一些应用场景进行了介绍.在此基础上,本文对GAN发展的内在逻辑进行了归纳总结.},
}

@article{王功明A,
  title={A Generative Adversarial Network Based on Energy Function%一种能量函数意义下的生成式对抗网络},
  author={王功明 and 乔俊飞 and 王磊},
  journal={自动化学报},
  volume={044},
  number={5},
  pages={793-803},
 keywords={生成式对抗网络;能量函数;重构误差;自适应深度信念网络;自适应深度自编码器;纳什均衡},
 abstract={生成式对抗网络(Generative adversarial network, GAN) 是目前人工智能领域的一个研究热点,引起了众多学者的关注.针对现有GAN 生成模型效率低下和判别模型的梯度消失问题,本文提出一种基于重构误差的能量函数意义下的生成式对抗网络模型(Energy reconstruction error GAN, E-REGAN).首先,将自适应深度信念网络(Adaptive deep belief network, ADBN) 作为生成模型,来快速学习给定样本数据的概率分布并进一步生成相似的样本数据.其次,将自适应深度自编码器(Adaptive deep autoencoder, ADAE) 的重构误差(Reconstruction error, RE) 作为一个表征判别模型性能的能量函数,能量越小表示GAN 学习优化过程越趋近纳什均衡的平衡点,否则反之.同时,通过反推法给出了E-REGAN 的稳定性分析.最后在MNIST和CIFAR-10标准数据集上的实验结果表明,相较于现有的类似模型,E-REGAN在学习速度和数据生成能力两方面均有较大提高.},
}


@book{Python1,
  title={Python深度学习},
  author={弗朗索瓦•肖莱},
  year={2018},
  publisher={人民邮电出版社}
}

@book{Python2,
  title={Deep Learning with Python},
  author={François Chollet},
  year={2017},
  publisher={Manning Publications}
}

@book{机器学习,
  title={机器学习},
  author={周志华},
  year={2016},
  publisher={清华大学出版社}
}

@book{DeepLearning,
  title={Deep Learning},
  author={Ian Goodfellow and Yoshua Bengio and Aaron Courville},
  year={2016},
  publisher={The MIT Press}
}

@misc{A1,
   howpublished = {\url{https://towardsdatascience.com/this-will-change-the-way-you-look-at-gans-9992af250454}},
    title={This Will Change the Way You Look at GANs - Towards Data Science},
    author={Conor Lazarou},
    year={2020},
}
