
@book{机器学习,
  title={机器学习},
  author={周志华},
  year={2016},
  publisher={清华大学出版社}
}

@book{DeepLearning,
  title={Deep Learning},
  author={Ian Goodfellow and Yoshua Bengio and Aaron Courville},
  year={2016},
  publisher={The MIT Press}
}



@misc{A1,
   howpublished = {\url{https://archive.ics.uci.edu/ml/datasets/Iris}},
    title={Iris Data Set - UCI Machine Learning Repository},
    year={1988},
}

@misc{A2,
   howpublished = {\url{https://www.jiqizhixin.com/graph/technologies/29722de0-8501-4b01-9b73-189141b9eefd}},
    title={集成学习},
}

@misc{A3,
   howpublished = {\url{https://www.datacamp.com/community/tutorials/adaboost-classifier-python}},
    title={AdaBoost Classifier in Python},
}